@Article{Silvestre2012Explicit,
  title = {Explicit length modelling for 
           statistical machine translation},
  author = {Joan Albert Silvestre-Cerda and Jesus Andres-Ferrer 
            and Jorge Civera},
  journal = {Pattern Recognition},
  volume = {45},
  number = {9},
  pages = {3183 - 3192},
  year = {2012}
}

@phdthesis{Silvestre2016Different,
  title = {Different Contributions to Cost-Effective 
            Transcription and Translation of Video Lectures},
  author = {Joan Albert Silvestre-Cerda},
  url = {http://hdl.handle.net/10251/62194},
  year = {2016},
  school = {Universitat Politecnica de Valencia}
}
